<?xml version="1.0" encoding="UTF-8"?><collection xmlns="http://www.loc.gov/MARC21/slim"><record><leader>00352nam--2200133-i-4500</leader><controlfield tag="001">000044878</controlfield><controlfield tag="002">20161230</controlfield><controlfield tag="005">20161230201044</controlfield><controlfield tag="008">060222s1000------------r-----000-0-eng-d</controlfield><datafield ind1=" " ind2=" " tag="080"><subfield code="a">539.12:577.3:621.039.83</subfield></datafield><datafield ind1=" " ind2=" " tag="100"><subfield code="a">Thornburn, C.C</subfield></datafield><datafield ind1=" " ind2=" " tag="245"><subfield code="a">Isotopes and radiation in biology</subfield></datafield><datafield ind1=" " ind2=" " tag="260"><subfield code="a">London, Butterworths, Ltd., 1972, Vi + 287p</subfield></datafield><datafield ind1=" " ind2=" " tag="852"><subfield code="a">37477</subfield></datafield></record></collection>